@article{celia-1990,
  author  = {Michael A. Celia and Efthimios T. Bouloutas and Rebecca L. Zarba},
  title   = {A general mass-conservative numerical solution for the unsaturated flow equation},
  journal = {Water Resources Research},
  volume  = {26},
  number  = {7},
  pages   = {1483--1496},
  year    = {1990}
}

@article{bear-1987,
  author  = {Jacob Bear and Carol Braester and Pascal C. Menier},
  title   = {Effective and Relative Permeabilities of Anisotropic Porous Media},
  journal = {Transport in Porous Media},
  volume  = {2},
  pages   = {301--316},
  year    = {1987}
}

@article{panday-surfact,
  author  = {Sorab Panday and Peter S. Huyakorn},
  title   = {MODFLOW SURFACT: A State-of-the-Art Use of Vadose Zone Flow and Transport Equations and Numerical Techniques for Environmental Evaluations},
  journal = {Vadose Zone Journal},
  volume  = {7},
  number  = {2},
  pages   = {610--631},
  year    = {2008}
}